<record><leader>00000cas a22000007a 4500</leader><controlfield tag="001">31097023</controlfield><controlfield tag="008">940913d19681970ncuwr ne      0    0eng d</controlfield><datafield ind1=" " ind2=" " tag="010"><subfield code="a">sn 94058257 </subfield></datafield><datafield ind1=" " ind2=" " tag="040"><subfield code="a">NVJ</subfield><subfield code="b">eng</subfield><subfield code="c">NVJ</subfield><subfield code="d">OCL</subfield><subfield code="d">OCLCQ</subfield></datafield><datafield ind1=" " ind2=" " tag="042"><subfield code="a">msc</subfield></datafield><datafield ind1="0" ind2="4" tag="245"><subfield code="a">The Pilot piper.</subfield></datafield><datafield ind1=" " ind2=" " tag="260"><subfield code="a">Pilot Mountain, N.C. :</subfield><subfield code="b">King Pub. Co.</subfield></datafield><datafield ind1=" " ind2=" " tag="300"><subfield code="a">v.</subfield></datafield><datafield ind1=" " ind2=" " tag="310"><subfield code="a">Weekly</subfield></datafield><datafield ind1="0" ind2=" " tag="362"><subfield code="a">Vol. 1, no. 1 (Oct. 18, 1968)-v. 3, no. 4 (Dec. 10, 1970).</subfield></datafield><datafield ind1=" " ind2=" " tag="752"><subfield code="a">United States</subfield><subfield code="b">North Carolina</subfield><subfield code="c">Surry</subfield><subfield code="d">Pilot Mountain.</subfield></datafield><datafield ind1="0" ind2="4" tag="785"><subfield code="t">King times-news</subfield></datafield><datafield ind1="1" ind2=" " tag="029"><subfield code="a">AU@</subfield><subfield code="b">000011276894</subfield></datafield></record>